<record><leader>00000cas a22000007a 4500</leader><controlfield tag="001">9711364</controlfield><controlfield tag="008">830718d18511861nyuwr ne      0    0eng d</controlfield><datafield ind1=" " ind2=" " tag="010"><subfield code="a">sn 83030902 </subfield></datafield><datafield ind1=" " ind2=" " tag="040"><subfield code="a">NPU</subfield><subfield code="b">eng</subfield><subfield code="c">NPU</subfield><subfield code="d">NPX</subfield><subfield code="d">NYS</subfield><subfield code="d">OCL</subfield><subfield code="d">OCLCF</subfield><subfield code="d">OCLCO</subfield></datafield><datafield ind1="1" ind2=" " tag="029"><subfield code="a">AU@</subfield><subfield code="b">000020226871</subfield></datafield><datafield ind1=" " ind2=" " tag="042"><subfield code="a">msc</subfield></datafield><datafield ind1="0" ind2=" " tag="130"><subfield code="a">Dansville herald (Dansville, N.Y. : 1851)</subfield></datafield><datafield ind1="0" ind2="0" tag="245"><subfield code="a">Dansville herald.</subfield></datafield><datafield ind1=" " ind2=" " tag="260"><subfield code="a">Dansville, N.Y. :</subfield><subfield code="b">E.C. Daugherty,</subfield><subfield code="c">1851-1861.</subfield></datafield><datafield ind1=" " ind2=" " tag="300"><subfield code="a">11 v. ;</subfield><subfield code="c">64 cm.</subfield></datafield><datafield ind1=" " ind2=" " tag="310"><subfield code="a">Weekly</subfield></datafield><datafield ind1="0" ind2=" " tag="362"><subfield code="a">Vol. 2, no. 1 (May 21, 1851)-v. 12, no. 42 (Oct. 30, 1861).</subfield></datafield><datafield ind1=" " ind2=" " tag="500"><subfield code="a">Publishers: E.G. Richardson, &lt;1856&gt;; H.C. Page, &lt;1857&gt;; George A. Sanders, 1857-1861.</subfield></datafield><datafield ind1=" " ind2="0" tag="651"><subfield code="a">Dansville (N.Y.)</subfield><subfield code="v">Newspapers.</subfield></datafield><datafield ind1=" " ind2="7" tag="655"><subfield code="a">Newspapers.</subfield><subfield code="2">fast</subfield><subfield code="0">(OCoLC)fst01423814</subfield></datafield><datafield ind1=" " ind2="7" tag="651"><subfield code="a">New York (State)</subfield><subfield code="z">Dansville.</subfield><subfield code="2">fast</subfield><subfield code="0">(OCoLC)fst01222270</subfield></datafield><datafield ind1=" " ind2=" " tag="752"><subfield code="a">United States</subfield><subfield code="b">New York</subfield><subfield code="c">Livingston</subfield><subfield code="d">Dansville.</subfield></datafield><datafield ind1="0" ind2=" " tag="775"><subfield code="t">Daily herald (Dansville, N.Y.)</subfield><subfield code="w">(DLC)sn 83030928</subfield></datafield><datafield ind1="0" ind2="0" tag="780"><subfield code="t">Dansville weekly herald (Dansville, N.Y. : 1850)</subfield><subfield code="w">(DLC)sn 89071024</subfield><subfield code="w">(OCoLC)17900124</subfield></datafield><datafield ind1="0" ind2="0" tag="785"><subfield code="t">Dansville weekly herald (Dansville, N.Y. : 1861)</subfield><subfield code="w">(DLC)sn 83030922</subfield></datafield></record>